
@incollection{fiorielements,
    title = {SAP Fiori Elements},
    publisher = {SAP SE.},
    year = {November 10, 2023},
    url={https://experience.sap.com/fiori-design-web/smart-templates/}
}

@incollection{btp,
    title = {SAP BTP},
    publisher = {SAP SE.},
    url={https://www.sap.com/products/technology-platform.html},
    note = {Accessed on November 11, 2023}
}

@incollection{neo,
    title = {SAP BTP, Neo Environment},
    publisher = {SAP SE.},
    url={https://help.sap.com/docs/btp/sap-btp-neo-environment/what-is-sap-btp-neo-environment},
    note = {Accessed on November 11, 2023}
}

@incollection{flp,
    title = {SAP Fiori Launchpad},
    publisher = {SAP SE.},
    url={https://experience.sap.com/fiori-design-web/launchpad/},
    note = {Accessed on November 11, 2023}
}

@incollection{cap-welcome,
    title = {Welcome to CAP - The Cloud Application Programming Model},
    publisher = {SAP SE.},
    url={https://cap.cloud.sap/docs/},
    note = {Accessed on November 21, 2023}
}
@incollection{cap-about,
    title = {About CAP},
    publisher = {SAP SE.},
    url={https://cap.cloud.sap/docs/about/},
    note = {Accessed on November 11, 2023}
}
@incollection{proj-setup-intellij,
    title = {Guide: Local Development Setup},
    publisher = {SAP SE.},
    author={Hierling, Marcel},
    year={Jul 21, 2023},
    url={https://wiki.one.int.sap/wiki/pages/viewpage.action?spaceKey=CEEPR&title=Guide%3A+Local+Development+Setup#Guide:LocalDevelopmentSetup-IntelliJ},
}
@incollection{fiori-toolkit,
    title = {Developing Apps with SAP Fiori Elements},
    publisher = {SAP SE.},
    year={2021},
    url={https://help.sap.com/docs/ABAP PLATFORM NEW/468a97775123488ab3345a0c48cadd8f/95d113be50ae40d5b0b562b84d715227.html?version=202110.000},
}

@incollection{ui5-toolkit,
    title = {SAPUI5: UI Development Toolkit for HTML5},
    publisher = {SAP SE.},
    year={2021},
    url={https://help.sap.com/docs/ABAP PLATFORM NEW/468a97775123488ab3345a0c48cadd8f/03265b0408e2432c9571d6b3feb6b1fd.html?version=202110.000},
}
@incollection{fiori-showcase,
    title = {SAP Fiori elements for OData V4 Feature Showcase},
    publisher = {SAP SE.},
    url={https://github.com/SAP-samples/fiori-elements-feature-showcase/tree/main#list-report},
    note = {Accessed on November 11, 2023}
}
@incollection{fiori-design,
    title = {Fiori Design Guidelines},
    publisher = {SAP SE.},
    url={https://experience.sap.com/fiori-design/},
    note = {Accessed on November 11, 2023}
}
@incollection{springboot-doc,
    title = {Spring Boot Reference Documentation},
    author={Phillip Webb Dave Syer Josh Long Stéphane Nicoll Rob Winch Andy Wilkinson Marcel Overdijk Christian Dupuis Sébastien Deleuze Michael Simons Vedran Pavić Jay Bryant Madhura Bhave Eddú Meléndez Scott Frederick Moritz Halbritter},
    url={https://docs.spring.io/spring-boot/docs/current/reference/html/index.html},
    note = {Version 3.1.5}
}

@incollection{unit-test,
    title = {Unit Testing – Software Testing},
    author={pp pankaj},
    year={16 Nov, 2023},
    url={https://www.geeksforgeeks.org/unit-testing-software-testing/},
    note = {Accessed on November 21, 2023}
}

@incollection{cds,
    title = {SAP HANA Core Data Services (CDS) Reference},
    publisher = {SAP SE.},
    url={https://help.sap.com/docs/SAP HANA PLATFORM/09b6623836854766b682356393c6c416/0b1eb07d74ec4f91947ff4cc4f557429.html},
    note = {Version 2.0 SPS 07}
}
@incollection{odata,
    title = {OData documentation},
    copyright={Microsoft 2023},
    url={https://learn.microsoft.com/en-us/odata/},
    note = {Accessed on November 21, 2023}
}

@incollection{fiori,
    title = {SAP Fiori},
    copyright={SAP SE.},
    url={https://community.sap.com/topics/fiori},
    note = {Accessed on November 21, 2023}
}
@incollection{bas,
    title = {Set Up SAP Business Application Studio for Development},
    publisher={SAP SE.},
    url={https://developers.sap.com/tutorials/appstudio-onboarding.html},
    note = {Accessed on November 21, 2023}
}
@incollection{cap-java,
    title = {CAP Service SDK for Java},
    publisher={SAP SE.},
    url={https://cap.cloud.sap/docs/java},
    note = {Accessed on November 21, 2023}
}

@incollection{cap-cds-lang,
    title = {Core Data Services (CDS) Language Reference Documentation},
    publisher={SAP SE.},
    url={https://cap.cloud.sap/docs/cds/},
    note = {Accessed on November 21, 2023}
}

@incollection{cap-cds-cdl,
    title = {Definition Language (CDL)},
    publisher={SAP SE.},
    url={https://cap.cloud.sap/docs/cds/cdl},
    note = {Accessed on November 21, 2023}
}

@incollection{cap-cds-cql,
    title = {Query Language (CQL)},
    publisher={SAP SE.},
    url={https://cap.cloud.sap/docs/cds/cql},
    note = {Accessed on November 21, 2023}
}
@incollection{cap-cds-common-aspects,
    title = {Common Types and Aspects - @sap/cds/common},
    publisher={SAP SE.},
    url={https://cap.cloud.sap/docs/cds/common},
    note = {Accessed on November 21, 2023}
}
@incollection{cap-java-persistencesrv,
    title = {Persistence Services},
    publisher={SAP SE.},
    url={https://cap.cloud.sap/docs/java/persistence-services},
    note = {Accessed on November 21, 2023}
}

@incollection{cap-java-event-handler,
    title = {Event Handlers},
    publisher={SAP SE.},
    url={https://cap.cloud.sap/docs/java/provisioning-api},
    note = {Accessed on November 21, 2023}
}
@incollection{cap-java-architecture,
    title = {Modular Architecture},
    publisher={SAP SE.},
    url={https://cap.cloud.sap/docs/java/architecture},
    note = {Accessed on November 21, 2023}
}

@incollection{cap-java-persistencesrv,
    title = {Persistence Services},
    publisher={SAP SE.},
    url={https://cap.cloud.sap/docs/java/persistence-services},
    note = {Accessed on November 21, 2023}
}

@incollection{test-rest-asstured,
    title = {REST Assured},
    author={Johan Haleby other contributors},
    url={https://rest-assured.io/},
    note = {Accessed on November 21, 2023}
}
@incollection{junit,
    title = {Junit 4},
    publisher={2002-2021 JUnit},
    url={https://junit.org/junit4/},
    note = {Accessed on November 21, 2023}
}
@incollection{csv,
    title = {Comma-separated values},
    publisher={Wikipedia, the free encyclopedia},
    url={https://en.wikipedia.org/wiki/Comma-separated values},
    note = {Accessed on November 21, 2023}
}

@incollection{java,
    title = {Java},
    publisher={2023 Oracle},
    url={https://www.java.com/en/},
    note = {Accessed on November 21, 2023}
}

@incollection{crud,
    title = {Create, read, update and delete},
    publisher={Wikipedia, the free encyclopedia},
    url={https://en.wikipedia.org/wiki/Create, read, update and delete},
    note = {Accessed on November 21, 2023}
}
@incollection{spring-mvc,
    title = {17. Web MVC framework},
    publisher={Spring},
    url={https://docs.spring.io/spring-framework/docs/3.2.x/spring-framework-reference/html/mvc.html},
    note = {Accessed on November 21, 2023}
}
@incollection{nodejs,
    title = {About Node.js},
    author={OpenJS Foundation and Node.js contributors},
    url={https://nodejs.org/en},
    note = {Accessed on November 21, 2023}
}

@incollection{spring-testing,
    title = {Testing},
    publisher={2023 VMware, Inc. or its affiliates},
    url={https://docs.spring.io/spring-framework/reference/testing.html},
    note = {Accessed on November 21, 2023}
}


@incollection{nodejs,
    title = {About Node.js},
    author={OpenJS Foundation and Node.js contributors},
    url={https://nodejs.org/en},
    note = {Accessed on November 21, 2023}
}